@inproceedings{Wilson:1992,
 author = {Wilson, Paul R.},
 title = {Uniprocessor Garbage Collection Techniques},
 booktitle = {Proceedings of the International Workshop on Memory Management},
 series = {IWMM '92},
 year = {1992},
 isbn = {3-540-55940-X},
 pages = {1--42},
 numpages = {42},
 url = {http://dl.acm.org/citation.cfm?id=645648.664824},
 acmid = {664824},
 publisher = {Springer-Verlag},
 address = {London, UK, UK},
}

@inproceedings{Moon:1984,
 author = {Moon, David A.},
 title = {Garbage Collection in a Large LISP System},
 booktitle = {Proceedings of the 1984 ACM Symposium on LISP and Functional Programming},
 series = {LFP '84},
 year = {1984},
 isbn = {0-89791-142-3},
 location = {Austin, Texas, USA},
 pages = {235--246},
 numpages = {12},
 url = {http://doi.acm.org/10.1145/800055.802040},
 doi = {10.1145/800055.802040},
 acmid = {802040},
 publisher = {ACM},
 address = {New York, NY, USA},
}

@inproceedings{Siegwart:2006,
 author = {Siegwart, David and Hirzel, Martin},
 title = {Improving Locality with Parallel Hierarchical Copying GC},
 booktitle = {Proceedings of the 5th International Symposium on Memory Management},
 series = {ISMM '06},
 year = {2006},
 isbn = {1-59593-221-6},
 location = {Ottawa, Ontario, Canada},
 pages = {52--63},
 numpages = {12},
 url = {http://doi.acm.org/10.1145/1133956.1133964},
 doi = {10.1145/1133956.1133964},
 acmid = {1133964},
 publisher = {ACM},
 address = {New York, NY, USA},
 keywords = {cache locality, generational, parallel},
}

@MISC{Chase:1987,
    author = {David R. Chase},
    title = {Brief Survey of Garbage Collection Algorithms},
    year = {1987}
}
@MISC{Nakashima:1995,
    author = {Hiroshi Nakashima and Takashi Chikayama},
    title = {Depth-First Copying Garbage Collection without Extra Stack Space},
    year = {1995}
}
@article{Blackburn:2008,
 author = {Blackburn, Stephen M. and McKinley, Kathryn S.},
 title = {Immix: A Mark-region Garbage Collector with Space Efficiency, Fast Collection, and Mutator Performance},
 journal = {SIGPLAN Not.},
 issue_date = {June 2008},
 volume = {43},
 number = {6},
 month = jun,
 year = {2008},
 issn = {0362-1340},
 pages = {22--32},
 numpages = {11},
 url = {http://doi.acm.org/10.1145/1379022.1375586},
 doi = {10.1145/1379022.1375586},
 acmid = {1375586},
 publisher = {ACM},
 address = {New York, NY, USA},
 keywords = {compaction, fragmentation, free-list, immix, locality, mark-region, mark-sweep, semi-space, sweep-to-free-list, sweep-to-region},
}

@article{Appel:1987,
 author = {Appel, Andrew W.},
 title = {Garbage Collection Can Be Faster Than Stack Allocation},
 journal = {Inf. Process. Lett.},
 issue_date = {June 17, 1987},
 volume = {25},
 number = {4},
 month = jun,
 year = {1987},
 issn = {0020-0190},
 pages = {275--279},
 numpages = {5},
 url = {http://dx.doi.org/10.1016/0020-0190(87)90175-X},
 doi = {10.1016/0020-0190(87)90175-X},
 acmid = {31085},
 publisher = {Elsevier North-Holland, Inc.},
 address = {Amsterdam, The Netherlands, The Netherlands},
}
@article{Reinhold:1994,
 author = {Reinhold, Mark B.},
 title = {Cache Performance of Garbage-collected Programs},
 journal = {SIGPLAN Not.},
 issue_date = {June 1994},
 volume = {29},
 number = {6},
 month = jun,
 year = {1994},
 issn = {0362-1340},
 pages = {206--217},
 numpages = {12},
 url = {http://doi.acm.org/10.1145/773473.178261},
 doi = {10.1145/773473.178261},
 acmid = {178261},
 publisher = {ACM},
 address = {New York, NY, USA},
}
@article{Lam:1992,
 author = {Wilson, Paul R. and Lam, Michael S. and Moher, Thomas G.},
 title = {Caching Considerations for Generational Garbage Collection},
 journal = {SIGPLAN Lisp Pointers},
 issue_date = {Jan. 1992},
 volume = {V},
 number = {1},
 month = jan,
 year = {1992},
 issn = {1045-3563},
 pages = {32--42},
 numpages = {11},
 url = {http://doi.acm.org/10.1145/141478.141500},
 doi = {10.1145/141478.141500},
 acmid = {141500},
 publisher = {ACM},
 address = {New York, NY, USA},
}
@article{Chilimbi:1999,
 author = {Chilimbi, Trishul M. and Hill, Mark D. and Larus, James R.},
 title = {Cache-conscious Structure Layout},
 journal = {SIGPLAN Not.},
 issue_date = {May 1999},
 volume = {34},
 number = {5},
 month = may,
 year = {1999},
 issn = {0362-1340},
 pages = {1--12},
 numpages = {12},
 url = {http://doi.acm.org/10.1145/301631.301633},
 doi = {10.1145/301631.301633},
 acmid = {301633},
 publisher = {ACM},
 address = {New York, NY, USA},
 keywords = {cache-conscious allocation, cache-conscious data placement, cache-conscious reorganization, clustering, coloring},
}
@MISC{Novark:2006,
    author = {Gene Novark and Trevor Strohman and Emery D. Berger},
    title = { Custom Object Layout for Garbage-Collected Languages},
    year = {2006}
}
@article{Marlow:2011,
 author = {Marlow, Simon and Peyton Jones, Simon},
 title = {Multicore Garbage Collection with Local Heaps},
 journal = {SIGPLAN Not.},
 issue_date = {November 2011},
 volume = {46},
 number = {11},
 month = jun,
 year = {2011},
 issn = {0362-1340},
 pages = {21--32},
 numpages = {12},
 url = {http://doi.acm.org/10.1145/2076022.1993482},
 doi = {10.1145/2076022.1993482},
 acmid = {1993482},
 publisher = {ACM},
 address = {New York, NY, USA},
 keywords = {concurrent, garbage collection, generational, haskell, local heap, multicore, parallel},
}
@inproceedings{Blackburn:2004,
 author = {Blackburn, Stephen M. and Cheng, Perry and McKinley, Kathryn S.},
 title = {Oil and Water? High Performance Garbage Collection in Java with MMTk},
 booktitle = {Proceedings of the 26th International Conference on Software Engineering},
 series = {ICSE '04},
 year = {2004},
 isbn = {0-7695-2163-0},
 pages = {137--146},
 numpages = {10},
 url = {http://dl.acm.org/citation.cfm?id=998675.999420},
 acmid = {999420},
 publisher = {IEEE Computer Society},
 address = {Washington, DC, USA},
}
@article{Cheney:1970,
 author = {Cheney, C. J.},
 title = {A Nonrecursive List Compacting Algorithm},
 journal = {Commun. ACM},
 issue_date = {Nov 1970},
 volume = {13},
 number = {11},
 month = nov,
 year = {1970},
 issn = {0001-0782},
 pages = {677--678},
 numpages = {2},
 url = {http://doi.acm.org/10.1145/362790.362798},
 doi = {10.1145/362790.362798},
 acmid = {362798},
 publisher = {ACM},
 address = {New York, NY, USA},
 keywords = {LISP, compact list, garbage collection, list compacting},
}
@article{Eiron:1999,
 author = {Eiron, N. and Rodeh, M. and Steinwarts, I.},
 title = {Matrix Multiplication: A Case Study of Enhanced Data Cache Utilization},
 journal = {J. Exp. Algorithmics},
 issue_date = {1999},
 volume = {4},
 month = dec,
 year = {1999},
 issn = {1084-6654},
 articleno = {3},
 url = {http://doi.acm.org/10.1145/347792.347806},
 doi = {10.1145/347792.347806},
 acmid = {347806},
 publisher = {ACM},
 address = {New York, NY, USA},
 keywords = {BLAS, algorithms, blocking, cache, matrix Multiplication, performance, prefetching},
}
@article{Grunwald:1993,
 author = {Grunwald, Dirk and Zorn, Benjamin and Henderson, Robert},
 title = {Improving the Cache Locality of Memory Allocation},
 journal = {SIGPLAN Not.},
 issue_date = {June 1993},
 volume = {28},
 number = {6},
 month = jun,
 year = {1993},
 issn = {0362-1340},
 pages = {177--186},
 numpages = {10},
 url = {http://doi.acm.org/10.1145/173262.155107},
 doi = {10.1145/173262.155107},
 acmid = {155107},
 publisher = {ACM},
 address = {New York, NY, USA},
}
@article{Appel:1989,
 author = {Appel, A. W.},
 title = {Simple Generational Garbage Collection and Fast Allocation},
 journal = {Softw. Pract. Exper.},
 issue_date = {February 1989},
 volume = {19},
 number = {2},
 month = feb,
 year = {1989},
 issn = {0038-0644},
 pages = {171--183},
 numpages = {13},
 url = {http://dx.doi.org/10.1002/spe.4380190206},
 doi = {10.1002/spe.4380190206},
 acmid = {66387},
 publisher = {John Wiley \& Sons, Inc.},
 address = {New York, NY, USA},
}

@article{Courts:1988,
 author = {Courts, Robert},
 title = {Improving Locality of Reference in a Garbage-collecting Memory Management System},
 journal = {Commun. ACM},
 issue_date = {Sept. 1988},
 volume = {31},
 number = {9},
 month = sep,
 year = {1988},
 issn = {0001-0782},
 pages = {1128--1138},
 numpages = {11},
 url = {http://doi.acm.org/10.1145/48529.48536},
 doi = {10.1145/48529.48536},
 acmid = {48536},
 publisher = {ACM},
 address = {New York, NY, USA},
}

@misc{GithubLanguages,
  title = {GitHub Octoverse},
  author = {GitHub},
  howpublished = {\url{https://octoverse.github.com/2017/}},
  year = {2017}
}

@misc{HaskellReport,
  title = {Haskell 2010 Language Report},
  author = {Simon Marlow and others},
  howpublished = {\url{https://www.haskell.org/onlinereport/haskell2010/}},
  year = {2010}
}

@misc{LHC,
  title = {LHC repository},
  author = {David Himmelstrup},
  howpublished = {\url{https://github.com/Lemmih/lhc/}},
  year = {2018}
}

@misc{LLVM,
  title = {LLVM Language Reference Manual},
  author = {C. Lattner and V. Adve},
  howpublished = {\url{https://llvm.org/docs/LangRef.htm}},
}

@misc{LLVMGC,
  title = {Accurate Garbage Collection with LLVM},
  author = {C. Lattner and G. Henriksen},
  howpublished = {\url{https://llvm.org/docs/GarbageCollection}},
}

@misc{GHCCommentary,
  title = {The GHC Commentary},
  howpublished = {\url{https://hackage.haskell.org/trac/ghc/wiki/Commentary}},
}

@misc{perf,
  title = {perf: Linux profiling with performance counters},
  howpublished = {\url{https://perf.wiki.kernel.org/index.php/Main_Page}},
}

@article{Fenichel,
 author = {Fenichel, Robert R. and Yochelson, Jerome C.},
 title = {A LISP Garbage-collector for Virtual-memory Computer Systems},
 journal = {Commun. ACM},
 issue_date = {Nov. 1969},
 volume = {12},
 number = {11},
 month = nov,
 year = {1969},
 issn = {0001-0782},
 pages = {611--612},
 numpages = {2},
 url = {http://doi.acm.org/10.1145/363269.363280},
 doi = {10.1145/363269.363280},
 acmid = {363280},
 publisher = {ACM},
 address = {New York, NY, USA},
 keywords = {LISP: garbage-collector, list-processing, storage-allocation, virtual memory},
}

@MISC{Drepper,
  author = {Ulrich Drepper},
  title = {What Every Programmer Should Know About Memory},
  year = {2007}
}

% Spineless tagless G-machine ?
% C-- ?
